@misc{beck2001agile,
  added-at = {2022-06-04T13:51:49.000+0200},
  author = {Beck, Kent and Beedle, Mike and van Bennekum, Arie and Cockburn, Alistair and Cunningham, Ward and Fowler, Martin and Grenning, James and Highsmith, Jim and Hunt, Andrew and Jeffries, Ron and Kern, Jon and Marick, Brian and Martin, Robert C. and Mellor, Steve and Schwaber, Ken and Sutherland, Jeff and Thomas, Dave},
  biburl = {https://www.bibsonomy.org/bibtex/28954248a545d88dd2c0e688d1c7e2f9d/mediafreak},
  booktitle = {Manifesto for Agile Software Development},
  description = {Manifesto for Agile Software Development},
  interhash = {098cc7e185f10c3da390459a01e0d535},
  intrahash = {8954248a545d88dd2c0e688d1c7e2f9d},
  keywords = {agile manifest softwareentwikclung},
  timestamp = {2022-06-04T13:51:49.000+0200},
  title = {Manifesto for Agile Software Development},
  url = {http://agilemanifesto.org},
  year = 2001
}


% Website
% Required fields: 'title' | 'author' | 'howpublished' | 'note'
% Optional fields: 'month' | 'year'
@misc{misc,
  title = {{Title}},
  author = {{Name Surname, Name Surname and Name Surname}},
  howpublished = {\url{https://www.google.com}},
  note = {{Accessed 31/01/2000}},
}


% Book
% Required fields: 'author' or 'editor' | 'title' | 'publisher' | 'year'.
% Optional fields: 'volume' or 'number' | 'series' | 'address' | 'edition' | 'month' | 'note'
@book{book,
  author = {{Name Surname, Name Surname and Name Surname}},
  title = {{Title}},
  publisher = {{University of Trento}},
  year = 1994,
  edition = 2,
}

% Conference
% Required fields: 'author' | 'title' | 'booktitle' | 'year'
% Optional fields: 'editor' | 'volume' or 'number' | 'series' | 'pages' | 'address' | 'month' | 'organization' | 'publisher' | 'note'
@conference{conference,
  author = {{Name Surname, Name Surname and Name Surname}},
  title = {{Title}},
  booktitle = {{University of Trento}},
  address = {{Trento | ITA}},
  year = 2005,
  month = jun,
  pages = {886-893},
}

% Article
% Required fields: 'author' | 'title' | 'journal' | 'year'
% Optional fields: 'volume' | 'number' | 'pages' | 'month' | 'note'
@article{article,
  author = {{Name Surname, Name Surname and Name Surname}},
  title = {{Title}},
  journal = {{University of Trento}},
  volume = 52,
  number = 4,
  pages = {1289-1306},
  year = 2006,
}
